@Thesis{manuel-example,
	author = {Ciosici, Manuel R},
	title = {Improving Quality of Hierarchical Clustering for Large Data Series},
	type = {Master's Thesis},
	institution = {Aarhus University},
	year = {2016},
	eprint = {https://arxiv.org/abs/1608.01238},
	totalpages = {78},
}

@Thesis{truls-example,
  author = {Fossum, Truls Rustad},
  title = {Efficient Spatial Search using Memory Resident {R}-trees},
  type = {Master's Thesis},
  institution = {Norwegian University of Science and Technology},
  year = {2017},
  eprint = {http://hdl.handle.net/11250/2458480},
  totalpages = {123},
}

@Thesis{nima-example,
  author = {Fathollahi, Nima},
  title = {Lock-free parallel mesh reduction},
  type = {Master's Thesis},
  institution = {University of Victoria},
  year = {2023},
  eprint = {http://hdl.handle.net/1828/14991},
  totalpages = {90},
}

@Thesis{parisa-example,
  author = {Esmaeilian Ghahroudi, Parisa},
  title = {Parallel Discovery of Fixed-sized Connected k-Core Skyline Communities},
  type = {Master's Thesis},
  institution = {University of Victoria},
  year = {2023},
  eprint = {http://hdl.handle.net/1828/14994},
  totalpages = {67},
}

@Thesis{adi-example,
  author = {Mukherjee, Aaditya},
  title = {Fast trips: A scalable insertion operator approach for ridesharing over time-dependent road networks},
  type = {Master's Thesis},
  institution = {University of Victoria},
  year = {2025},
  eprint = {https://hdl.handle.net/1828/22057},
  totalpages = {83},
}

@Thesis{jax-example,
  author = {Wu, Yijie},
  title = {Fast database join on ray-tracing core equipped {GPU}},
  type = {Master's Thesis},
  institution = {University of Victoria},
  year = {2025},
  eprint = {https://hdl.handle.net/1828/22056},
  totalpages = {79},
}

@Thesis{ninad-example,
  author = {Tongay, Ninad},
  title = {Dynamic and cost-efficient deployment of large language models using uplift modeling and multi armed bandits},
  type = {Master's Thesis},
  institution = {University of Victoria},
  year = {2025},
  eprint = {http://hdl.handle.net/1828/22059},
  totalpages = {90},
}
